entity_type,entity_name,entity_variant,role,event_count,paper_count,original_variants,domain_id,domain_name,overlay_id,first_seen,last_seen
assay,LC-MS,assay,primary,85,7,LC-MS; LC-MS/MS; QTOF; mass spectrometer; mass spectrometry; triple quadrupole,neuroscience_cognition,Neuroscience & Cognition,neuroscience_cognition_v1,2026-01-22T20:07:55Z,2026-01-22T20:09:22Z
pathway,AGGREGATION,pathway,primary,24,5,aggregation,neuroscience_cognition,Neuroscience & Cognition,neuroscience_cognition_v1,2026-01-22T20:08:03Z,2026-01-22T20:09:23Z
assay,HPLC,assay,primary,19,5,HPLC; RP-HPLC; liquid chromatography,neuroscience_cognition,Neuroscience & Cognition,neuroscience_cognition_v1,2026-01-22T20:07:55Z,2026-01-22T20:09:23Z
stem_cell,MSC,,primary,11,1,MSC,neuroscience_cognition,Neuroscience & Cognition,neuroscience_cognition_v1,2026-01-22T20:09:14Z,2026-01-22T20:09:19Z
compound,SEMAGLUTIDE,drug,primary,10,2,SEMAGLUTIDE,neuroscience_cognition,Neuroscience & Cognition,neuroscience_cognition_v1,2026-01-22T20:08:32Z,2026-01-22T20:09:12Z
pathway,PEPTIDE DEGRADATION,pathway,primary,9,2,peptide degradation,neuroscience_cognition,Neuroscience & Cognition,neuroscience_cognition_v1,2026-01-22T20:07:55Z,2026-01-22T20:09:19Z
target,KINASE,protein,primary,8,2,KINASE,neuroscience_cognition,Neuroscience & Cognition,neuroscience_cognition_v1,2026-01-22T20:08:16Z,2026-01-22T20:08:46Z
indication,CANCER,disease,primary,8,4,cancer,neuroscience_cognition,Neuroscience & Cognition,neuroscience_cognition_v1,2026-01-22T20:08:05Z,2026-01-22T20:09:22Z
compound,GLUCAGON,drug,primary,8,3,GLUCAGON,neuroscience_cognition,Neuroscience & Cognition,neuroscience_cognition_v1,2026-01-22T20:08:02Z,2026-01-22T20:09:12Z
compound,LIRAGLUTIDE,drug,primary,7,5,LIRAGLUTIDE,neuroscience_cognition,Neuroscience & Cognition,neuroscience_cognition_v1,2026-01-22T20:08:06Z,2026-01-22T20:09:11Z
pathway,ACETYLATION,pathway,primary,7,2,acetylation,neuroscience_cognition,Neuroscience & Cognition,neuroscience_cognition_v1,2026-01-22T20:09:18Z,2026-01-22T20:09:23Z
target,RECEPTOR,protein,primary,6,4,RECEPTOR,neuroscience_cognition,Neuroscience & Cognition,neuroscience_cognition_v1,2026-01-22T20:08:14Z,2026-01-22T20:09:12Z
assay,efficacy,metric,primary,6,3,efficacy,neuroscience_cognition,Neuroscience & Cognition,neuroscience_cognition_v1,2026-01-22T20:08:42Z,2026-01-22T20:09:14Z
indication,ALZHEIMER,disease,primary,6,2,Alzheimer; Alzheimer's disease,neuroscience_cognition,Neuroscience & Cognition,neuroscience_cognition_v1,2026-01-22T20:08:31Z,2026-01-22T20:09:08Z
assay,MS/MS,assay,primary,4,3,MS/MS,neuroscience_cognition,Neuroscience & Cognition,neuroscience_cognition_v1,2026-01-22T20:07:59Z,2026-01-22T20:09:23Z
assay,half-life,metric,primary,4,2,half-life,neuroscience_cognition,Neuroscience & Cognition,neuroscience_cognition_v1,2026-01-22T20:08:16Z,2026-01-22T20:09:05Z
pathway,PHOSPHORYLATION,pathway,primary,4,2,phosphorylation,neuroscience_cognition,Neuroscience & Cognition,neuroscience_cognition_v1,2026-01-22T20:08:13Z,2026-01-22T20:08:58Z
model,Culture media,unknown,primary,4,2,Culture media,neuroscience_cognition,Neuroscience & Cognition,neuroscience_cognition_v1,2026-01-22T20:07:56Z,2026-01-22T20:09:18Z
pathway,migration,pathway,primary,4,2,migration,neuroscience_cognition,Neuroscience & Cognition,neuroscience_cognition_v1,2026-01-22T20:08:13Z,2026-01-22T20:09:18Z
pathway,oxidation,pathway,primary,4,2,oxidation,neuroscience_cognition,Neuroscience & Cognition,neuroscience_cognition_v1,2026-01-22T20:08:20Z,2026-01-22T20:09:05Z
assay,bioavailability,metric,primary,3,3,bioavailability,neuroscience_cognition,Neuroscience & Cognition,neuroscience_cognition_v1,2026-01-22T20:08:30Z,2026-01-22T20:09:14Z
assay,accuracy,assay,primary,3,1,accuracy,neuroscience_cognition,Neuroscience & Cognition,neuroscience_cognition_v1,2026-01-22T20:09:11Z,2026-01-22T20:09:11Z
pathway,glycosylation,pathway,primary,3,3,glycosylation,neuroscience_cognition,Neuroscience & Cognition,neuroscience_cognition_v1,2026-01-22T20:08:16Z,2026-01-22T20:09:22Z
indication,DIABETES,disease,primary,3,1,diabetes,neuroscience_cognition,Neuroscience & Cognition,neuroscience_cognition_v1,2026-01-22T20:09:10Z,2026-01-22T20:09:12Z
assay,clearance,metric,primary,3,2,clearance,neuroscience_cognition,Neuroscience & Cognition,neuroscience_cognition_v1,2026-01-22T20:08:16Z,2026-01-22T20:08:32Z
pathway,proliferation,pathway,primary,3,3,proliferation,neuroscience_cognition,Neuroscience & Cognition,neuroscience_cognition_v1,2026-01-22T20:08:36Z,2026-01-22T20:09:19Z
assay,microscopy,assay,primary,3,2,microscopy,neuroscience_cognition,Neuroscience & Cognition,neuroscience_cognition_v1,2026-01-22T20:08:11Z,2026-01-22T20:09:19Z
assay,reproducibility,assay,primary,3,3,reproducibility,neuroscience_cognition,Neuroscience & Cognition,neuroscience_cognition_v1,2026-01-22T20:07:58Z,2026-01-22T20:09:11Z
stem_cell,stem cell,,primary,3,2,stem cell,neuroscience_cognition,Neuroscience & Cognition,neuroscience_cognition_v1,2026-01-22T20:09:13Z,2026-01-22T20:09:25Z
assay,retention time,assay,primary,3,1,retention time,neuroscience_cognition,Neuroscience & Cognition,neuroscience_cognition_v1,2026-01-22T20:07:57Z,2026-01-22T20:07:58Z
model,Endothelial cells,unknown,primary,3,1,Endothelial cells,neuroscience_cognition,Neuroscience & Cognition,neuroscience_cognition_v1,2026-01-22T20:09:14Z,2026-01-22T20:09:19Z
assay,selectivity,metric,primary,3,1,selectivity,neuroscience_cognition,Neuroscience & Cognition,neuroscience_cognition_v1,2026-01-22T20:08:42Z,2026-01-22T20:08:46Z
pathway,PROTEOLYSIS,pathway,primary,2,1,proteolysis,neuroscience_cognition,Neuroscience & Cognition,neuroscience_cognition_v1,2026-01-22T20:08:31Z,2026-01-22T20:08:31Z
pathway,UBIQUITINATION,pathway,primary,2,2,ubiquitination,neuroscience_cognition,Neuroscience & Cognition,neuroscience_cognition_v1,2026-01-22T20:08:58Z,2026-01-22T20:09:22Z
stem_cell,mesenchymal,,primary,2,1,mesenchymal,neuroscience_cognition,Neuroscience & Cognition,neuroscience_cognition_v1,2026-01-22T20:09:14Z,2026-01-22T20:09:15Z
compound,CALCITONIN,drug,primary,2,1,CALCITONIN,neuroscience_cognition,Neuroscience & Cognition,neuroscience_cognition_v1,2026-01-22T20:08:49Z,2026-01-22T20:09:01Z
assay,quadrupole,assay,primary,2,2,quadrupole,neuroscience_cognition,Neuroscience & Cognition,neuroscience_cognition_v1,2026-01-22T20:08:02Z,2026-01-22T20:09:10Z
assay,NMR,assay,primary,2,2,NMR,neuroscience_cognition,Neuroscience & Cognition,neuroscience_cognition_v1,2026-01-22T20:08:02Z,2026-01-22T20:08:22Z
pathway,proteasome,pathway,primary,2,1,proteasome,neuroscience_cognition,Neuroscience & Cognition,neuroscience_cognition_v1,2026-01-22T20:08:43Z,2026-01-22T20:08:44Z
assay,electrospray ionization,assay,primary,2,2,electrospray ionization,neuroscience_cognition,Neuroscience & Cognition,neuroscience_cognition_v1,2026-01-22T20:07:59Z,2026-01-22T20:08:02Z
indication,TYPE 2 DIABETES,disease,primary,2,1,type 2 diabetes,neuroscience_cognition,Neuroscience & Cognition,neuroscience_cognition_v1,2026-01-22T20:09:10Z,2026-01-22T20:09:12Z
assay,precision,assay,primary,2,2,precision,neuroscience_cognition,Neuroscience & Cognition,neuroscience_cognition_v1,2026-01-22T20:08:08Z,2026-01-22T20:09:11Z
pathway,proteolytic cleavage,pathway,primary,2,2,proteolytic cleavage,neuroscience_cognition,Neuroscience & Cognition,neuroscience_cognition_v1,2026-01-22T20:07:59Z,2026-01-22T20:09:20Z
target,ELASTASE,protein,primary,1,1,ELASTASE,neuroscience_cognition,Neuroscience & Cognition,neuroscience_cognition_v1,2026-01-22T20:08:31Z,2026-01-22T20:08:31Z
assay,precipitation,assay,primary,1,1,precipitation,neuroscience_cognition,Neuroscience & Cognition,neuroscience_cognition_v1,2026-01-22T20:08:59Z,2026-01-22T20:08:59Z
model,CSF,biofluid,primary,1,1,CSF,neuroscience_cognition,Neuroscience & Cognition,neuroscience_cognition_v1,2026-01-22T20:08:49Z,2026-01-22T20:08:49Z
assay,AUC,metric,primary,1,1,AUC,neuroscience_cognition,Neuroscience & Cognition,neuroscience_cognition_v1,2026-01-22T20:08:33Z,2026-01-22T20:08:33Z
model,RPMI,unknown,primary,1,1,RPMI,neuroscience_cognition,Neuroscience & Cognition,neuroscience_cognition_v1,2026-01-22T20:09:16Z,2026-01-22T20:09:16Z
model,Serum-free medium,unknown,primary,1,1,Serum-free medium,neuroscience_cognition,Neuroscience & Cognition,neuroscience_cognition_v1,2026-01-22T20:09:16Z,2026-01-22T20:09:16Z
stem_cell,stem-cell,,primary,1,1,stem-cell,neuroscience_cognition,Neuroscience & Cognition,neuroscience_cognition_v1,2026-01-22T20:09:25Z,2026-01-22T20:09:25Z
assay,therapeutic index,metric,primary,1,1,therapeutic index,neuroscience_cognition,Neuroscience & Cognition,neuroscience_cognition_v1,2026-01-22T20:08:44Z,2026-01-22T20:08:44Z
target,CARRIER PROTEIN,protein,primary,1,1,CARRIER PROTEIN,neuroscience_cognition,Neuroscience & Cognition,neuroscience_cognition_v1,2026-01-22T20:08:17Z,2026-01-22T20:08:17Z
target,REDUCTASE,protein,primary,1,1,REDUCTASE,neuroscience_cognition,Neuroscience & Cognition,neuroscience_cognition_v1,2026-01-22T20:09:05Z,2026-01-22T20:09:05Z
pathway,peptide cleavage,pathway,primary,1,1,peptide cleavage,neuroscience_cognition,Neuroscience & Cognition,neuroscience_cognition_v1,2026-01-22T20:08:18Z,2026-01-22T20:08:18Z
assay,repeatability,assay,primary,1,1,repeatability,neuroscience_cognition,Neuroscience & Cognition,neuroscience_cognition_v1,2026-01-22T20:07:57Z,2026-01-22T20:07:57Z
indication,lung cancer,disease,primary,1,1,lung cancer,neuroscience_cognition,Neuroscience & Cognition,neuroscience_cognition_v1,2026-01-22T20:08:05Z,2026-01-22T20:08:05Z
compound,ETELCALCETIDE,drug,primary,1,1,ETELCALCETIDE,neuroscience_cognition,Neuroscience & Cognition,neuroscience_cognition_v1,2026-01-22T20:08:35Z,2026-01-22T20:08:35Z
pathway,cell death,pathway,primary,1,1,cell death,neuroscience_cognition,Neuroscience & Cognition,neuroscience_cognition_v1,2026-01-22T20:08:05Z,2026-01-22T20:08:05Z
compound,PLECANATIDE,drug,primary,1,1,PLECANATIDE,neuroscience_cognition,Neuroscience & Cognition,neuroscience_cognition_v1,2026-01-22T20:08:35Z,2026-01-22T20:08:35Z
indication,HIV,disease,primary,1,1,HIV,neuroscience_cognition,Neuroscience & Cognition,neuroscience_cognition_v1,2026-01-22T20:08:02Z,2026-01-22T20:08:02Z
target,EXOPEPTIDASE,protein,primary,1,1,EXOPEPTIDASE,neuroscience_cognition,Neuroscience & Cognition,neuroscience_cognition_v1,2026-01-22T20:09:14Z,2026-01-22T20:09:14Z
assay,potency,metric,primary,1,1,potency,neuroscience_cognition,Neuroscience & Cognition,neuroscience_cognition_v1,2026-01-22T20:09:10Z,2026-01-22T20:09:10Z
pathway,amyloid formation,pathway,primary,1,1,amyloid formation,neuroscience_cognition,Neuroscience & Cognition,neuroscience_cognition_v1,2026-01-22T20:09:00Z,2026-01-22T20:09:00Z
assay,ELISA,assay,primary,1,1,ELISA,neuroscience_cognition,Neuroscience & Cognition,neuroscience_cognition_v1,2026-01-22T20:08:22Z,2026-01-22T20:08:22Z
pathway,reduction,pathway,primary,1,1,reduction,neuroscience_cognition,Neuroscience & Cognition,neuroscience_cognition_v1,2026-01-22T20:08:20Z,2026-01-22T20:08:20Z
assay,stationary phase,assay,primary,1,1,stationary phase,neuroscience_cognition,Neuroscience & Cognition,neuroscience_cognition_v1,2026-01-22T20:07:58Z,2026-01-22T20:07:58Z
pathway,MEK,pathway,primary,1,1,MEK,neuroscience_cognition,Neuroscience & Cognition,neuroscience_cognition_v1,2026-01-22T20:08:44Z,2026-01-22T20:08:44Z
pathway,enzymatic degradation,pathway,primary,1,1,enzymatic degradation,neuroscience_cognition,Neuroscience & Cognition,neuroscience_cognition_v1,2026-01-22T20:09:23Z,2026-01-22T20:09:23Z
target,EGFR,protein,primary,1,1,EGFR,neuroscience_cognition,Neuroscience & Cognition,neuroscience_cognition_v1,2026-01-22T20:08:43Z,2026-01-22T20:08:43Z
assay,time-of-flight,assay,primary,1,1,time-of-flight,neuroscience_cognition,Neuroscience & Cognition,neuroscience_cognition_v1,2026-01-22T20:08:02Z,2026-01-22T20:08:02Z
assay,reverse phase chromatography,assay,primary,1,1,reverse phase chromatography,neuroscience_cognition,Neuroscience & Cognition,neuroscience_cognition_v1,2026-01-22T20:07:58Z,2026-01-22T20:07:58Z
target,LIGASE,protein,primary,1,1,LIGASE,neuroscience_cognition,Neuroscience & Cognition,neuroscience_cognition_v1,2026-01-22T20:08:45Z,2026-01-22T20:08:45Z
model,Mitochondria,unknown,primary,1,1,Mitochondria,neuroscience_cognition,Neuroscience & Cognition,neuroscience_cognition_v1,2026-01-22T20:08:05Z,2026-01-22T20:08:05Z
target,COX2,protein,primary,1,1,COX2,neuroscience_cognition,Neuroscience & Cognition,neuroscience_cognition_v1,2026-01-22T20:08:43Z,2026-01-22T20:08:43Z
model,MEM,unknown,primary,1,1,MEM,neuroscience_cognition,Neuroscience & Cognition,neuroscience_cognition_v1,2026-01-22T20:08:03Z,2026-01-22T20:08:03Z
assay,tandem mass spectrometry,assay,primary,1,1,tandem mass spectrometry,neuroscience_cognition,Neuroscience & Cognition,neuroscience_cognition_v1,2026-01-22T20:08:06Z,2026-01-22T20:08:06Z
peptide,KYNETWRSED,,primary,1,1,KYNETWRSED,neuroscience_cognition,Neuroscience & Cognition,neuroscience_cognition_v1,2026-01-22T20:09:22Z,2026-01-22T20:09:22Z
compound,OCTREOTIDE,drug,primary,1,1,OCTREOTIDE,neuroscience_cognition,Neuroscience & Cognition,neuroscience_cognition_v1,2026-01-22T20:08:04Z,2026-01-22T20:08:04Z
model,In situ,unknown,primary,1,1,In situ,neuroscience_cognition,Neuroscience & Cognition,neuroscience_cognition_v1,2026-01-22T20:08:09Z,2026-01-22T20:08:09Z
target,KALLIKREIN,protein,primary,1,1,KALLIKREIN,neuroscience_cognition,Neuroscience & Cognition,neuroscience_cognition_v1,2026-01-22T20:08:34Z,2026-01-22T20:08:34Z
pathway,Ras,pathway,primary,1,1,Ras,neuroscience_cognition,Neuroscience & Cognition,neuroscience_cognition_v1,2026-01-22T20:08:16Z,2026-01-22T20:08:16Z
indication,anxiety,disease,primary,1,1,anxiety,neuroscience_cognition,Neuroscience & Cognition,neuroscience_cognition_v1,2026-01-22T20:09:23Z,2026-01-22T20:09:23Z
assay,dynamic range,assay,primary,1,1,dynamic range,neuroscience_cognition,Neuroscience & Cognition,neuroscience_cognition_v1,2026-01-22T20:09:10Z,2026-01-22T20:09:10Z
compound,LINACLOTIDE,drug,primary,1,1,LINACLOTIDE,neuroscience_cognition,Neuroscience & Cognition,neuroscience_cognition_v1,2026-01-22T20:08:31Z,2026-01-22T20:08:31Z
target,THROMBIN,protein,primary,1,1,THROMBIN,neuroscience_cognition,Neuroscience & Cognition,neuroscience_cognition_v1,2026-01-22T20:08:14Z,2026-01-22T20:08:14Z
model,Bovine serum albumin,unknown,primary,1,1,Bovine serum albumin,neuroscience_cognition,Neuroscience & Cognition,neuroscience_cognition_v1,2026-01-22T20:08:59Z,2026-01-22T20:08:59Z
assay,ion exchange chromatography,assay,primary,1,1,ion exchange chromatography,neuroscience_cognition,Neuroscience & Cognition,neuroscience_cognition_v1,2026-01-22T20:08:02Z,2026-01-22T20:08:02Z
compound,ABALOPARATIDE,drug,primary,1,1,ABALOPARATIDE,neuroscience_cognition,Neuroscience & Cognition,neuroscience_cognition_v1,2026-01-22T20:08:35Z,2026-01-22T20:08:35Z
compound,TERIPARATIDE,drug,primary,1,1,TERIPARATIDE,neuroscience_cognition,Neuroscience & Cognition,neuroscience_cognition_v1,2026-01-22T20:08:31Z,2026-01-22T20:08:31Z
assay,ion trap,assay,primary,1,1,ion trap,neuroscience_cognition,Neuroscience & Cognition,neuroscience_cognition_v1,2026-01-22T20:07:56Z,2026-01-22T20:07:56Z
pathway,translation,pathway,primary,1,1,translation,neuroscience_cognition,Neuroscience & Cognition,neuroscience_cognition_v1,2026-01-22T20:09:25Z,2026-01-22T20:09:25Z
assay,evaporation,assay,primary,1,1,evaporation,neuroscience_cognition,Neuroscience & Cognition,neuroscience_cognition_v1,2026-01-22T20:07:56Z,2026-01-22T20:07:56Z
pathway,methylation,pathway,primary,1,1,methylation,neuroscience_cognition,Neuroscience & Cognition,neuroscience_cognition_v1,2026-01-22T20:08:15Z,2026-01-22T20:08:15Z
target,ION CHANNEL,protein,primary,1,1,ION CHANNEL,neuroscience_cognition,Neuroscience & Cognition,neuroscience_cognition_v1,2026-01-22T20:08:45Z,2026-01-22T20:08:45Z
pathway,oxidative stress,pathway,primary,1,1,oxidative stress,neuroscience_cognition,Neuroscience & Cognition,neuroscience_cognition_v1,2026-01-22T20:09:06Z,2026-01-22T20:09:06Z
assay,SEC,assay,primary,1,1,SEC,neuroscience_cognition,Neuroscience & Cognition,neuroscience_cognition_v1,2026-01-22T20:08:02Z,2026-01-22T20:08:02Z
model,MSC,unknown,primary,1,1,MSC,neuroscience_cognition,Neuroscience & Cognition,neuroscience_cognition_v1,2026-01-22T20:07:56Z,2026-01-22T20:07:56Z
target,CHYMOTRYPSIN,protein,primary,1,1,CHYMOTRYPSIN,neuroscience_cognition,Neuroscience & Cognition,neuroscience_cognition_v1,2026-01-22T20:08:31Z,2026-01-22T20:08:31Z
target,TRYPSIN,protein,primary,1,1,TRYPSIN,neuroscience_cognition,Neuroscience & Cognition,neuroscience_cognition_v1,2026-01-22T20:08:31Z,2026-01-22T20:08:31Z
pathway,angiogenesis,pathway,primary,1,1,angiogenesis,neuroscience_cognition,Neuroscience & Cognition,neuroscience_cognition_v1,2026-01-22T20:09:13Z,2026-01-22T20:09:13Z
assay,MRM,assay,primary,1,1,MRM,neuroscience_cognition,Neuroscience & Cognition,neuroscience_cognition_v1,2026-01-22T20:09:11Z,2026-01-22T20:09:11Z
assay,affinity chromatography,assay,primary,1,1,affinity chromatography,neuroscience_cognition,Neuroscience & Cognition,neuroscience_cognition_v1,2026-01-22T20:08:16Z,2026-01-22T20:08:16Z
target,BIP,protein,primary,1,1,BIP,neuroscience_cognition,Neuroscience & Cognition,neuroscience_cognition_v1,2026-01-22T20:08:04Z,2026-01-22T20:08:04Z
assay,freeze-drying,assay,primary,1,1,freeze-drying,neuroscience_cognition,Neuroscience & Cognition,neuroscience_cognition_v1,2026-01-22T20:09:01Z,2026-01-22T20:09:01Z
